@online{tettnang,
    author = {Stadt Tettnang},
    title = {Stadt Tettnang},
    url  = {https://www.tettnang.de/de/},
    addendum = {(accessed: 13.05.2024, 19:12)},
}

@online{logo_elektronikschule,
	author = {Elektronikschule Tettnang},
	title = {Logo EST},
	url  = {https://www.elektronikschule.de/images/est_logo_270x150.png},
	addendum = {(accessed: 13.05.2024, 19:12)},
}

@online{microSD,
	author = {Idealo},
	title = {SanDisk microSD},
	url  = {https://www.idealo.de/preisvergleich/OffersOfProduct/202043555_-extreme-a2-u3-v30-190-mb-s-microsdxc-128gb-sandisk.html},
	addendum = {(accessed: 13.05.2024, 19:12)},
}

@online{adobe_converter,
	author = {Adobe},
	title = {Adobe Acrobat PDF to PNG},
	url  = {https://acrobat.adobe.com/link/acrobat/createpdf?x_api_client_id=adobe_com&x_api_client_location=createpdf},
	addendum = {(accessed: 13.05.2024, 19:13)},
}

@online{onlinegantt,
	author = {Online Gantt},
	title = {Free Online Gantt Chart Software},
	url  = {https://www.onlinegantt.com/#/gantt},
	addendum = {(accessed: 06.05.2024, 10:16)},
}

@online{stackoverflow,
	author = {Stack Overflow},
	title = {Stack Overflow},
	url  = {https://stackoverflow.com/},
	addendum = {(accessed: 13.05.2024, 13:24)},
}

@online{w3schools,
	author = {W3 Schools},
	title = {W3 Schools},
	url  = {https://www.w3schools.com/},
	addendum = {(accessed: 13.05.2024, 10:58)},
}

@online{esp_mit_dht,
	author = {Modulink},
	title = {ESP8266 mit DHT Sensor},
	url  = {https://modulink.de/wp-content/uploads/imported/3/BMP180-Drucksensor-Shield-WeMos-D1-mini-nodeMCU-ESP8266-Arduino-Raspberry-DIY-172536640803-5.JPG},
	addendum = {(accessed: 13.05.2024, 22:29)},
}

@online{diagram.io,
	author = {DB Diagram},
	title = {DB Diagram},
	url  = {https://dbdiagram.io},
	addendum = {(accessed: 06.05.2024, 12:11)},
}
